@book{arnol2013mathematical,
  title={Mathematical methods of classical mechanics},
  author={Arnol'd, Vladimir Igorevich},
  volume={60},
  year={2013},
  publisher={Springer Science \& Business Media}
}

@book{hall2013quantum,
  title={Quantum theory for mathematicians},
  author={Hall, Brian C},
  volume={267},
  year={2013},
  publisher={Springer}
}

@book{hall2013lie,
  title={Lie groups, Lie algebras, and representations},
  author={Hall, Brian C},
  year={2013},
  publisher={Springer}
}

@book{sethna2021statistical,
  title={Statistical mechanics: entropy, order parameters, and complexity},
  author={Sethna, James},
  volume={14},
  year={2021},
  publisher={Oxford University Press, USA}
}

@book{梁灿彬2000微分几何入门与广义相对论,
  title={微分几何入门与广义相对论},
  author={\text{梁灿彬, 周彬}},
  year={2000},
  publisher={北京师范大学出版社}
}

@book{lancaster2014quantum,
  title={Quantum field theory for the gifted amateur},
  author={Lancaster, Tom and Blundell, Stephen J},
  year={2014},
  publisher={OUP Oxford}
}

@book{griffiths_schroeter_2018, 
  place={Cambridge}, 
  edition={3}, 
  title={Introduction to Quantum Mechanics}, 
  DOI={10.1017/9781316995433}, 
  publisher={Cambridge University Press}, 
  author={Griffiths, David J. and Schroeter, Darrell F.}, 
  year={2018}
}

@article{shannon1948mathematical,
  title={A mathematical theory of communication},
  author={Shannon, Claude Elwood},
  journal={The Bell system technical journal},
  volume={27},
  number={3},
  pages={379--423},
  year={1948},
  publisher={Nokia Bell Labs}
}

@book{陈维桓2013微分几何引论,
  title={微分几何引论},
  author={陈维桓},
  publisher={首都师范大学数学教学系列丛书},
  year={2013},
}

@book{丁同仁2004常微分方程,
  title={常微分方程},
  author={\text{丁同仁, 李承治}},
  year={2004},
  publisher={北京: 高等教育出版社}
}

@book{hawking2023large,
  title={The large scale structure of space-time},
  author={Hawking, Stephen W and Ellis, George FR},
  year={2023},
  publisher={Cambridge university press}
}